<?xml version="1.0" encoding="UTF-8"?><record xmlns="http://www.loc.gov/MARC21/slim" xmlns:cinclude="http://apache.org/cocoon/include/1.0" xmlns:zs="http://www.loc.gov/zing/srw/">
  <leader>00522cz  a2200121n  4500</leader>
  <controlfield tag="001">n  90724669 </controlfield>
  <controlfield tag="003">DLC</controlfield>
  <controlfield tag="005">19910702141407.0</controlfield>
  <controlfield tag="008">901214n| acannaab|          |n aaa |||  </controlfield>
  <datafield tag="010" ind1=" " ind2=" ">
    <subfield code="a">n  90724669 </subfield>
  </datafield>
  <datafield tag="040" ind1=" " ind2=" ">
    <subfield code="a">DLC</subfield>
    <subfield code="c">DLC</subfield>
    <subfield code="d">DLC</subfield>
  </datafield>
  <datafield tag="100" ind1="1" ind2="0">
    <subfield code="a">Farmer, Eric</subfield>
  </datafield>
  <datafield tag="670" ind1=" " ind2=" ">
    <subfield code="a">WEAAP Conference (18th : 1989 : University of Sussex). Human resource management in aviation, 1991:</subfield>
    <subfield code="b">CIP t.p. (Eric Farmer) publr. info. w/CIP (British) bk. p. x (Eric W. Farmer) jacket (Dr.; principal psychologist, RAF Institute of Aviation Medicine, Farnborough, UK)</subfield>
  </datafield>
</record>